@inproceedings{bg-epimap,
  title={EPIMap: Using epimorphism to map applications on CGRAs},
  author={Hamzeh, Mahdi and Shrivastava, Aviral and Vrudhula, Sarma},
  booktitle={Design Automation Conference (DAC), 2012 49th ACM/EDAC/IEEE},
  pages={1280--1287},
  year={2012},
  organization={IEEE}
}

@inproceedings{bg-aggressive,
  title={Aggressive Pipelining of Irregular Applications on Reconfigurable Hardware},
  author={Li, Zhaoshi and Liu, Leibo and Deng, Yangdong and Yin, Shouyi and Wang, Yao and Wei, Shaojun},
  booktitle={Proceedings of the 44th Annual International Symposium on Computer Architecture},
  pages={575--586},
  year={2017},
  organization={ACM}
}

@inproceedings{bg-triggered,
  title={Triggered instructions: A control paradigm for spatially-programmed architectures},
  author={Parashar, Angshuman and Pellauer, Michael and Adler, Michael and Ahsan, Bushra and Crago, Neal and Lustig, Daniel and Pavlov, Vladimir and Zhai, Antonia and Gambhir, Mohit and Jaleel, Aamer and others},
  booktitle={ACM SIGARCH Computer Architecture News},
  volume={41},
  number={3},
  pages={142--153},
  year={2013},
  organization={ACM}
}

@inproceedings{bg-operation,
  title={Operation and data mapping for cgras with multi-bank memory},
  author={Kim, Yongjoo and Lee, Jongeun and Shrivastava, Aviral and Paek, Yunheung},
  booktitle={ACM Sigplan Notices},
  volume={45},
  number={4},
  pages={17--26},
  year={2010},
  organization={ACM}
}

@inproceedings{in-flattening,
  title={Flattening-based mapping of imperfect loop nests for cgras?},
  author={Lee, Jongeun and Seo, Seongseok and Lee, Hongsik and Sim, Hyeon Uk},
  booktitle={Hardware/Software Codesign and System Synthesis (CODES+ ISSS), 2014 International Conference on},
  pages={1--10},
  year={2014},
  organization={IEEE}
}

@article{in-kim2012improving,
  title={Improving performance of nested loops on reconfigurable array processors},
  author={Kim, Yongjoo and Lee, Jongeun and Mai, Toan X and Paek, Yunheung},
  journal={ACM Transactions on Architecture and Code Optimization (TACO)},
  volume={8},
  number={4},
  pages={32},
  year={2012},
  publisher={ACM}
}

@article{in-chen2014graph,
  title={Graph minor approach for application mapping on cgras},
  author={Chen, Liang and Mitra, Tulika},
  journal={ACM Transactions on Reconfigurable Technology and Systems (TRETS)},
  volume={7},
  number={3},
  pages={21},
  year={2014},
  publisher={ACM}
}

@inproceedings{in-liu2013polyhedral,
  title={Polyhedral model based mapping optimization of loop nests for CGRAs},
  author={Liu, Dajiang and Yin, Shouyi and Liu, Leibo and Wei, Shaojun},
  booktitle={Design Automation Conference (DAC), 2013 50th ACM/EDAC/IEEE},
  pages={1--8},
  year={2013},
  organization={IEEE}
}


@inproceedings{in-park2009cgra,
  title={CGRA express: accelerating execution using dynamic operation fusion},
  author={Park, Yongjun and Park, Hyunchul and Mahlke, Scott},
  booktitle={Proceedings of the 2009 international conference on Compilers, architecture, and synthesis for embedded systems},
  pages={271--280},
  year={2009},
  organization={ACM}
}

@inproceedings{in-zhao2017static,
  title={A static-placement, dynamic-issue framework for CGRA loop accelerator},
  author={Zhao, Zhongyuan and Sheng, Weiguang and He, Weifeng and Mao, ZhiGang and Li, Zhaoshi},
  booktitle={2017 Design, Automation \& Test in Europe Conference \& Exhibition (DATE)},
  pages={1348--1353},
  year={2017},
  organization={IEEE}
}

@inproceedings{in-clark2005architecture,
  title={An architecture framework for transparent instruction set customization in embedded processors},
  author={Clark, Nathan and Blome, Jason and Chu, Michael and Mahlke, Scott and Biles, Stuart and Flautner, Krisztian},
  booktitle={Computer Architecture, 2005. ISCA'05. Proceedings. 32nd International Symposium on},
  pages={272--283},
  year={2005},
  organization={IEEE}
}

@inproceedings{in-tsu1999hsra,
  title={HSRA: high-speed, hierarchical synchronous reconfigurable array},
  author={Tsu, William and Macy, Kip and Joshi, Atul and Huang, Randy and Walker, Norman and Tung, Tony and Rowhani, Omid and George, Varghese and Wawrzynek, John and DeHon, Andr{\'e}},
  booktitle={Proceedings of the 1999 ACM/SIGDA seventh international symposium on Field programmable gate arrays},
  pages={125--134},
  year={1999},
  organization={ACM}
}

@inproceedings{in-mirsky1996matrix,
  title={MATRIX: a reconfigurable computing architecture with configurable instruction distribution and deployable resources.},
  author={Mirsky, Ethan and DeHon, Andre and others},
  booktitle={FCCM},
  volume={96},
  pages={17--19},
  year={1996}
}

@article{in-hartenstein1996field,
  title={Field-Programmable Logic Smart Applications, New Paradigms, and Compilers: 6th International Workshop on Field-Programmable Logic and Applications, Fpl'96, Darmstadt, Germany, September 23-25, 1966: Proceedings'},
  author={Hartenstein, Reiner W and Glesner, Manfred},
  year={1996}
}

@inproceedings{in-mishra2007virtualization,
  title={Virtualization on the tartan reconfigurable architecture},
  author={Mishra, Mahim and Goldstein, Seth C},
  booktitle={Field Programmable Logic and Applications, 2007. FPL 2007. International Conference on},
  pages={323--330},
  year={2007},
  organization={IEEE}
}

@article{in-singh2000morphosys,
  title={MorphoSys: an integrated reconfigurable system for data-parallel and computation-intensive applications},
  author={Singh, Hartej and Lee, Ming-Hau and Lu, Guangming and Kurdahi, Fadi J and Bagherzadeh, Nader and Chaves Filho, Eliseu M},
  journal={IEEE transactions on computers},
  volume={49},
  number={5},
  pages={465--481},
  year={2000},
  publisher={IEEE}
}

@inproceedings{in-friedman2009spr,
  title={SPR: an architecture-adaptive CGRA mapping tool},
  author={Friedman, Stephen and Carroll, Allan and Van Essen, Brian and Ylvisaker, Benjamin and Ebeling, Carl and Hauck, Scott},
  booktitle={Proceedings of the ACM/SIGDA international symposium on Field programmable gate arrays},
  pages={191--200},
  year={2009},
  organization={ACM}
}

@inproceedings{mo-wang2015acceleration,
  title={Acceleration of control flows on reconfigurable architecture with a composite method},
  author={Wang, Junbin and Liu, Leibo and Zhu, Jianfeng and Yin, Shouyi and Wei, Shaojun},
  booktitle={Proceedings of the 52nd Annual Design Automation Conference},
  pages={45},
  year={2015},
  organization={ACM}
}

@inproceedings{re-ahn2006spatial,
  title={A spatial mapping algorithm for heterogeneous coarse-grained reconfigurable architectures},
  author={Ahn, Minwook and Yoon, Jonghee W and Paek, Yunheung and Kim, Yoonjin and Kiemb, Mary and Choi, Kiyoung},
  booktitle={Design, Automation and Test in Europe, 2006. DATE'06. Proceedings},
  volume={1},
  pages={6--pp},
  year={2006},
  organization={IEEE}
}

@inproceedings{re-dimitroulakos2006exploring,
  title={Exploring the design space of an optimized compiler approach for mesh-like coarse-grained reconfigurable architectures},
  author={Dimitroulakos, Grigoris and Galanis, Michalis D and Goutis, Constantinos E},
  booktitle={Parallel and Distributed Processing Symposium, 2006. IPDPS 2006. 20th International},
  pages={10--pp},
  year={2006},
  organization={IEEE}
}

@inproceedings{re-friedman2009spr,
  title={SPR: an architecture-adaptive CGRA mapping tool},
  author={Friedman, Stephen and Carroll, Allan and Van Essen, Brian and Ylvisaker, Benjamin and Ebeling, Carl and Hauck, Scott},
  booktitle={Proceedings of the ACM/SIGDA international symposium on Field programmable gate arrays},
  pages={191--200},
  year={2009},
  organization={ACM}
}

@inproceedings{re-guo2006pattern,
  title={A pattern selection algorithm for multi-pattern scheduling},
  author={Guo, Yuanqing and Hoede, Cornelis and Smit, Gerard JM},
  booktitle={Parallel and Distributed Processing Symposium, 2006. IPDPS 2006. 20th International},
  pages={8--pp},
  year={2006},
  organization={IEEE}
}

@inproceedings{re-hatanaka2007modulo,
  title={A modulo scheduling algorithm for a coarse-grain reconfigurable array template},
  author={Hatanaka, Akira and Bagherzadeh, Nader},
  booktitle={Parallel and Distributed Processing Symposium, 2007. IPDPS 2007. IEEE International},
  pages={1--8},
  year={2007},
  organization={IEEE}
}

@article{re-lee2003compilation,
  title={Compilation approach for coarse-grained reconfigurable architectures},
  author={Lee, Jong-eun and Choi, Kiyoung and Dutt, Nikil D},
  journal={IEEE Design \& Test of Computers},
  volume={20},
  number={1},
  pages={26--33},
  year={2003},
  publisher={IEEE}
}

@inproceedings{re-mei2004design,
  title={Design methodology for a tightly coupled VLIW/reconfigurable matrix architecture: A case study},
  author={Mei, Bingfeng and Vernalde, Serge and Verkest, Diederik and Lauwereins, Rudy},
  booktitle={Proceedings of the conference on Design, automation and test in Europe-Volume 2},
  pages={21224},
  year={2004},
  organization={IEEE Computer Society}
}


@inproceedings{re-park2008edge,
  title={Edge-centric modulo scheduling for coarse-grained reconfigurable architectures},
  author={Park, Hyunchul and Fan, Kevin and Mahlke, Scott A and Oh, Taewook and Kim, Heeseok and Kim, Hong-seok},
  booktitle={Proceedings of the 17th international conference on Parallel architectures and compilation techniques},
  pages={166--176},
  year={2008},
  organization={ACM}
}

@article{re-yoon2009graph,
  title={A graph drawing based spatial mapping algorithm for coarse-grained reconfigurable architectures},
  author={Yoon, Jonghee W and Shrivastava, Aviral and Park, Sanghyun and Ahn, Minwook and Paek, Yunheung},
  journal={IEEE Transactions on Very Large Scale Integration (VLSI) Systems},
  volume={17},
  number={11},
  pages={1565--1578},
  year={2009},
  publisher={IEEE}
}

@inproceedings{dbdi-hamzeh2012epimap,
  title={EPIMap: Using epimorphism to map applications on CGRAs},
  author={Hamzeh, Mahdi and Shrivastava, Aviral and Vrudhula, Sarma},
  booktitle={Design Automation Conference (DAC), 2012 49th ACM/EDAC/IEEE},
  pages={1280--1287},
  year={2012},
  organization={IEEE}
}

@inproceedings{dbdi-mahlke1996compiler,
  title={Compiler synthesized dynamic branch prediction},
  author={Mahlke, Scott and Natarajan, Balas},
  booktitle={Proceedings of the 29th annual ACM/IEEE international symposium on Microarchitecture},
  pages={153--164},
  year={1996},
  organization={IEEE Computer Society}
}