@inproceedings{bg-epimap,
  title={EPIMap: Using epimorphism to map applications on CGRAs},
  author={Hamzeh, Mahdi and others},
  booktitle={DAC},
  pages={1280--1287},
  year={2012},
  organization={IEEE}
}

@inproceedings{bg-aggressive,
  title={Aggressive Pipelining of Irregular Applications on Reconfigurable Hardware},
  author={Li, Zhaoshi and Liu, Leibo and others},
  booktitle={},
  pages={575--586},
  year={2017},
  organization={ACM}
}

@inproceedings{bg-triggered,
  title={Triggered instructions: A control paradigm for spatially-programmed architectures},
  author={Parashar others},
  booktitle={},
  volume={41},
  number={3},
  pages={142--153},
  year={2013},
  organization={ACM}
}

@inproceedings{bg-operation,
  title={Operation and data mapping for cgras with multi-bank memory},
  author={Kim,Yongjoo and others},
  booktitle={},
  volume={45},
  number={4},
  pages={17--26},
  year={2010},
  organization={ACM}
}

@inproceedings{in-flattening,
  title={Flattening-based mapping of imperfect loop nests for cgras?},
  author={Lee, Jongeun and others},
  booktitle={CODES+ ISSS, 2014 International Conference on},
  pages={1--10},
  year={2014},
  organization={IEEE}
}

@article{in-kim2012improving,
  title={Improving performance of nested loops on reconfigurable array processors},
  author={Kim, Yongjoo and others},
  journal={ACM TACO},
  volume={8},
  number={4},
  pages={32},
  year={2012},
  publisher={ACM}
}

@article{in-chen2014graph,
  title={Graph minor approach for application mapping on cgras},
  author={Chen, Liang and others},
  journal={ACM TRETS},
  volume={7},
  number={3},
  pages={21},
  year={2014},
  publisher={ACM}
}

@inproceedings{in-liu2013polyhedral,
  title={Polyhedral model based mapping optimization of loop nests for CGRAs},
  author={Liu, Dajiang and Yin, Shouyi and Liu, Leibo and Wei, Shaojun},
  booktitle={DAC, 2013 50th ACM/EDAC/IEEE},
  pages={1--8},
  year={2013},
  organization={IEEE}
}


@inproceedings{in-park2009cgra,
  title={CGRA express: accelerating execution using dynamic operation fusion},
  author={Park, Yongjun and others},
  booktitle={},
  pages={271--280},
  year={2009},
  organization={ACM}
}

@inproceedings{in-zhao2017static,
  title={A static-placement, dynamic-issue framework for CGRA loop accelerator},
  author={Zhao, Zhongyuan and others},
  booktitle={DATE},
  pages={1348--1353},
  year={2017},
  organization={IEEE}
}

@inproceedings{in-clark2005architecture,
  title={An architecture framework for transparent instruction set customization in embedded processors},
  author={Clark, Nathan and others},
  booktitle={ISCA'05.},
  pages={272--283},
  year={2005},
  organization={IEEE}
}

@inproceedings{in-tsu1999hsra,
  title={HSRA: high-speed, hierarchical synchronous reconfigurable array},
  author={Tsu, William and others},
  booktitle={1999 ACM/SIGDA},
  pages={125--134},
  year={1999},
  organization={ACM}
}

@inproceedings{in-mirsky1996matrix,
  title={MATRIX: a reconfigurable computing architecture with configurable instruction distribution and deployable resources.},
  author={Mirsky, Ethan and others},
  booktitle={FCCM},
  volume={96},
  pages={17--19},
  year={1996}
}

@article{in-hartenstein1996field,
  title={Field-Programmable Logic Smart Applications, New Paradigms, and Compilers},
  author={Hartenstein and others},
  year={1996}
}

@inproceedings{in-mishra2007virtualization,
  title={Virtualization on the tartan reconfigurable architecture},
  author={Mishra, Mahim andothers},
  booktitle={},
  pages={323--330},
  year={2007},
  organization={IEEE}
}

@article{in-singh2000morphosys,
  title={MorphoSys: an integrated reconfigurable system for data-parallel and computation-intensive applications},
  author={Singh, Hartej and others},
  journal={},
  volume={49},
  number={5},
  pages={465--481},
  year={2000},
  publisher={IEEE}
}

@inproceedings{in-friedman2009spr,
  title={SPR: an architecture-adaptive CGRA mapping tool},
  author={Friedman, Stephen and others},
  booktitle={ACM/SIGDA},
  pages={191--200},
  year={2009},
  organization={ACM}
}

@article{mo-parashar2014efficient,
  title={Efficient spatial processing element control via triggered instructions},
  author={Parashar, Angshuman and others},
  journal={IEEE Micro},
  volume={34},
  number={3},
  pages={120--137},
  year={2014},
  publisher={IEEE}
}

@inproceedings{mo-wang2015acceleration,
  title={Acceleration of control flows on reconfigurable architecture with a composite method},
  author={Wang, Junbin and others},
  booktitle={},
  pages={45},
  year={2015},
  organization={ACM}
}

@inproceedings{re-ahn2006spatial,
  title={A spatial mapping algorithm for heterogeneous coarse-grained reconfigurable architectures},
  author={Ahn, Minwook and others},
  booktitle={},
  volume={1},
  pages={6--pp},
  year={2006},
  organization={IEEE}
}

@inproceedings{re-dimitroulakos2006exploring,
  title={Exploring the design space of an optimized compiler approach for mesh-like coarse-grained reconfigurable architectures},
  author={Dimitroulakos, Grigoris and others},
  booktitle={},
  pages={10--pp},
  year={2006},
  organization={IEEE}
}

@inproceedings{re-friedman2009spr,
  title={SPR: an architecture-adaptive CGRA mapping tool},
  author={Friedman, Stephen and others},
  booktitle={ACM/SIGDA},
  pages={191--200},
  year={2009},
  organization={ACM}
}

@inproceedings{re-guo2006pattern,
  title={A pattern selection algorithm for multi-pattern scheduling},
  author={Guo, Yuanqing and others},
  booktitle={},
  pages={8--pp},
  year={2006},
  organization={IEEE}
}

@inproceedings{re-hatanaka2007modulo,
  title={A modulo scheduling algorithm for a coarse-grain reconfigurable array template},
  author={Hatanaka, Akira and others},
  booktitle={},
  pages={1--8},
  year={2007},
  organization={IEEE}
}

@article{re-lee2003compilation,
  title={Compilation approach for coarse-grained reconfigurable architectures},
  author={Lee, Jong-eun and others},
  journal={},
  volume={20},
  number={1},
  pages={26--33},
  year={2003},
  publisher={IEEE}
}



@inproceedings{re-park2008edge,
  title={Edge-centric modulo scheduling for coarse-grained reconfigurable architectures},
  author={Park, Hyunchul and others},
  booktitle={},
  pages={166--176},
  year={2008},
  organization={ACM}
}

@article{re-yoon2009graph,
  title={A graph drawing based spatial mapping algorithm for coarse-grained reconfigurable architectures},
  author={Yoon, Jonghee W and others},
  journal={IEEE Transactions},
  volume={17},
  number={11},
  pages={1565--1578},
  year={2009},
  publisher={IEEE}
}

@inproceedings{dbdi-hamzeh2012epimap,
  title={EPIMap: Using epimorphism to map applications on CGRAs},
  author={Hamzeh, Mahdi and others},
  booktitle={DAC},
  pages={1280--1287},
  year={2012},
  organization={IEEE}
}

@inproceedings{dbdi-mahlke1996compiler,
  title={Compiler synthesized dynamic branch prediction},
  author={Mahlke, Scott and others},
  booktitle={},
  pages={153--164},
  year={1996},
  organization={IEEE Computer Society}
}

@techreport{ev-asanovic2006landscape,
  title={The landscape of parallel computing research: A view from berkeley},
  author={Asanovic, Krste and others},
  year={2006},
  institution={UCB/EECS-2006-183, Berkeley}
}

@article{ev-henning2006spec,
  title={SPEC CPU2006 benchmark descriptions},
  author={Henning, John L},
  journal={ACM SIGARCH},
  volume={34},
  number={4},
  pages={1--17},
  year={2006},
  publisher={ACM}
}


